% Misc.
@misc{ brooks-law,
  title="Brooks's law",
  howpublished="Wikipedia",
  month="Aug",
  year="2013",
  url="http://en.wikipedia.org/wiki/Brooks's_law"
}
